@article{PAPER1,
ISSN = {01621459},
author = {Bradley Efron},
journal = {Journal of the American Statistical Association},
number = {374},
pages = {312-319},
publisher = {[American Statistical Association, Taylor & Francis, Ltd.]},
title = {Censored Data and the Bootstrap},
volume = {76},
year = {1981}
}

@article{PAPER2,
title = "On semiparametric random censorship models",
journal = "Journal of Statistical Planning and Inference",
volume = "66",
number = "2",
pages = "253 - 279",
year = "1998",
issn = "0378-3758",
doi = "https://doi.org/10.1016/S0378-3758(97)00091-8",
author = "Gerhard Dikta",
keywords = "Censored data, Binary data, Maximum likelihood estimation, Functional central limit theorem, Uniform consistency, Kaplan-Meier estimator, Proportional hazards model"
}

@article{PAPER3,
title = "The strong law under semiparametric random censorship models",
journal = "Journal of Statistical Planning and Inference",
volume = "83",
number = "1",
pages = "1 - 10",
year = "2000",
issn = "0378-3758",
author = "Gerhard Dikta",
keywords = "Censored data, SLLN, Reverse supermartingale, Maximum likelihood estimation, Uniform consistency, Kaplan–Meier estimator, Proportional hazards model"
}

@article{PAPER4,
title = {Bootstrap Approximations in Model Checks for Binary Data},
author = {Dikta, Gerhard and Kvesic, Marsel and Schmidt, Christian},
year = {2006},
journal = {Journal of the American Statistical Association},
volume = {101},
pages = {521-530},
}

@article{PAPER5,
title = "Model-based confidence bands for survival functions",
journal = "Journal of Statistical Planning and Inference",
volume = "143",
number = "7",
pages = "1166 - 1185",
year = "2013",
issn = "0378-3758",
author = "Sundarraman Subramanian and Peixin Zhang",
keywords = "Bivariate Gaussian process, Continuous mapping theorem, Empirical coverage probability, Functional central limit theorem, Maximum likelihood estimator, Semiparametric random censorship models"
}

@article{PAPER6,
author="Ahmed, Nubyra
and Subramanian, Sundarraman",
title="Semiparametric simultaneous confidence bands for the difference of survival functions",
journal="Lifetime Data Analysis",
year="2016",
month="Oct",
day="01",
volume="22",
number="4",
pages="504--530",
issn="1572-9249",
}

@article{PAPER7,
title = "Semi-parametric survival function estimators deduced from an identifying Volterra type integral equation",
journal = "Journal of Multivariate Analysis",
volume = "147",
number = "Supplement C",
pages = "273 - 284",
year = "2016",
issn = "0047-259X",
author = "Gerhard Dikta and Martin Reißel and Carsten Harlaß",
keywords = "Survival analysis, Censored data, Semi-parametric random censorship model, Asymptotic efficiency, Product-integration, Volterra integral equation"
}